@article{Alchian1973,
author = {Alchian, Armen A. ; Demsetz, Harold},
journal = {The Journal of Economic History},
number = {1},
pages = {16--27},
title = {The Property Rigthts Paradigm},
volume = {33},
year = {1973}
}
