@article{Gerpott1995,
author = {Gerpott, Torsten J.},
isbn = {0033-6807},
issn = {0033-6807},
journal = {Management},
number = {2},
pages = {161--178},
title = {{Successful integration of R {\&} D functions after acquisitions : An exploratory empirical study}},
volume = {25},
year = {1995}
}

@article{Jehiel2005,
author = {Jehiel, Philippe and Moldovanu, Benny},
mendeley-groups = {Economic Literature/Auctions/Other random auctions},
pages = {1--54},
title = {{Allocative and Informational Externalities in Auctions and Related Mechanisms}},
year = {2005}
}



@article{COM,
author = {Comanor, William S. ; Scherer, F.M},
journal = {Journal of Health Economics},
number = {1},
pages = {106-113},
title = {{Mergers and innovation in the pharmaceutical industry}},
volume = {32},
year = {2013}
}

@article{HAU,
author = {Haucap, Justus ; Stiebale, Joel ; Haucap, Justus ; Stiebale, Joel },
journal = {IDEAS Working Paper Series from RePEc},
title = {{How mergers affect innovation: Theory and evidence from the pharmaceutical industry}},
year = {2016}
}

@article{Kuechle2012,
author = {Kuechle, Graciela and Rios, Diego},
journal = {International Review of Law and Economics},
number = {1},
pages = {129--134},
publisher = {Elsevier Inc.},
title = {{The Coase theorem reconsidered: The role of alternative activities}},
volume = {32},
year = {2012}
}


@article{Dem,
author = {H.Demsetz},
journal = {Journal of Legal studies},
number = {1},
pages = {13-28},
title = {{Competition and growth with step-by-step innovation: An example}},
volume = {1},
year = {1972}
}

@article{Aghion1997,
author = {Aghion, P and Harris, Christopher and Vickers, John},
issn = {00142921},
journal = {European Economic Review},
keywords = {step-by-step},
number = {3-5},
pages = {771--782},
title = {{Competition and growth with step-by-step innovation: An example}},
volume = {41},
year = {1997}
}

@article{Aghion2001,
author = {Aghion, Philippe and Harris, Christopher and Howitt, Peter and Vickers, John},
journal = {Review of Economic Studies},
number = {3},
pages = {467--492},
pmid = {5129917},
title = {{Competition, imitation and growth with step-by-step innovation}},
volume = {68},
year = {2001}
}


@article{Aghion2005,
author = {Aghion, P and Bloom, N and Blundell, R and Griffith, R and Howitt, P},
journal = {The Quarterly Journal of Economics},
number = {5},
pages = {701--728},
pmid = {17109269},
title = {{Competition and innovation: An inverted U relationship}},
volume = {120},
year = {2005}
}



@article{Higgins2006,
author = {Higgins, Matthew J. and Rodriguez, Daniel},
journal = {Journal of Financial Economics},
number = {2},
pages = {351--383},
title = {{The outsourcing of R{\&}D through acquisitions in the pharmaceutical industry}},
volume = {80},
year = {2006}
}

@article{Gilbert2016,
author = {Gilbert, Richard and Riis, Christian and Riis, Erlend},
journal = {Working Paper},
pages = {1--18},
title = {{Stepwise Innovation by an Oligopoly}},
year = {2016}
}

@article{Zhao2009,
author = {Zhao, Xinlei},
journal = {Management Science},
number = {7},
pages = {1170--1183},
title = {{Technological Innovation and Acquisitions}},
volume = {55},
year = {2009}
}

@article{Phillips2012,
author = {Phillips, Gordon M},
title = {{R{\&}D and the incentives from merger and acquisition activity}},
year = {2012}
}

@article{Bena2014,
author = {Bena, Jan and Li, Kai},
journal = {Journal of Finance},
number = {5},
pages = {1923--1960},
title = {{Corporate Innovations and Mergers and Acquisitions}},
volume = {69},
year = {2014}
}

@article{Welch2017,
author = {Welch, Ivo},
pages = {1--3},
title = {{The Closed-Form Solution to Bertrand Competition With Exogenous Entry Costs or Participation}},
year = {2017}
}

@article{Un2018,
author = {Un, C. Annique and Rodr{\'{i}}guez, Alicia},
journal = {Technovation},
number = {November 2014},
pages = {24--33},
title = {{Learning from R{\&}D outsourcing vs. learning by R{\&}D outsourcing}},
volume = {72-73},
year = {2018}
}

@article{Cabral2003,
journal = {Journal of Economics and Management Strategy},
author = {Cabral, Luis},
number = {1},
pages = {139--150},
pmid = {9387150},
title = {{R {\&} D competition when firms choose variance}},
volume = {12},
year = {2003}
}

@article{Munzer1990,
author = {Munzer, S},
number = {3},
title = {A Theory of Property},
volume = {90},
year = {1990}
}

@article{Alchian1973,
author = {Alchian, Armen A. and Demsetz, Harold},
journal = {The Journal of Economic History},
number = {1},
pages = {16--27},
title = {The Property Rigthts Paradigm},
volume = {33},
year = {1973}
}

@article{Alchian1965,
author = {Alchian, Armen A},
number = {4},
pages = {816--829},
title = {Some Economics of Property Rights},
volume = {30},
year = {1965}
}

@article{Hohfeld,
author = {Wesley Newcomb Hohfeld},
journal = {The Yale Law Journal},
number = {8},
pages = {710--770},
title = {Fundamental Legal Conceptions as Applied in Judicial Reasoning},
volume = {26},
year = {1917}
}

@article{Strahilevitz2005,
author = {Strahilevitz, Lior Jacob},
journal = {Yale Law Journal},
number = {4},
pages = {781--854},
title = {The right to destroy},
volume = {114},
year = {2005}
}

@article{Strahilevitz2009,
author = {Strahilevitz ,Jacob},
title = {The Right to Abandon},
volume = {455},
year = {2009}
}


