@article{Munzer1990,
author = {Munzer, S},
number = {3},
title = {A Theory of Property},
volume = {90},
year = {1990}
}

@article{Alchian1973,
author = {Alchian, Armen A. and Demsetz, Harold},
journal = {The Journal of Economic History},
number = {1},
pages = {16--27},
title = {The Property Rigthts Paradigm},
volume = {33},
year = {1973}
}

@article{Alchian1965,
author = {Alchian, Armen A},
number = {4},
pages = {816--829},
title = {Some Economics of Property Rights},
volume = {30},
year = {1965}
}

@article{Hohfeld,
author = {Wesley Newcomb Hohfeld},
journal = {The Yale Law Journal},
number = {8},
pages = {710--770},
title = {Fundamental Legal Conceptions as Applied in Judicial Reasoning},
volume = {26},
year = {1917}
}

@article{Strahilevitz2005,
author = {Strahilevitz, Lior Jacob},
journal = {Yale Law Journal},
number = {4},
pages = {781--854},
title = {The right to destroy},
volume = {114},
year = {2005}
}

@article{Strahilevitz2009,
number = {February},
pmid = {21675331},
title = {The Right to Abandon},
volume = {455},
year = {2009}
}
