@article{B92,
  title={A simple model of herd behavior},
  author={Banerjee, Abhijit V},
  journal={The Quarterly Journal of Economics},
  volume={107},
  number={3},
  pages={797--817},
  year={1992},
  publisher={Oxford University Press}
}

@article{FT00,
  title={Pricing a network good to deter entry},
  author={Fudenberg, Drew and Tirole, Jean},
  journal={The Journal of Industrial Economics},
  volume={48},
  number={4},
  pages={373--390},
  year={2000},
  publisher={Wiley Online Library}
}

@article{DF96,
  title={Beyond the Tort/Crime Distinction},
  author={David D. Friedman},
  journal={Santa Clara Law Digital Commons},
  year={1996},
  publisher={Santa Clara University}
}

@article{Anton2004,
author = {Anton, James J. and Yao, Dennis A.},
journal = {The RAND Journal of Economics},
number = {1},
pages = {1},
title = {{Little Patents and Big Secrets: Managing Intellectual Property}},
volume = {35},
year = {2004}
}

@article{Kultti2006,
author = {Kultti, Klaus and Takalo, Tuomas and Toikka, Juuso},
journal = {American Economic Review},
number = {2},
pages = {82--86},
title = {{Simultaneous model of innovation, secrecy, and patent policy}},
volume = {96},
year = {2006}
}

@article{Kultti2007,
author = {Kultti, Klaus and Takalo, Tuomas and Toikka, Juuso},
journal = {RAND Journal of Economics},
number = {1},
pages = {22--42},
title = {{Secrecy versus patenting}},
volume = {38},
year = {2007}
}

@article{Zaby2010,
author = {Zaby, Alexandra K.},
journal = {Economics of Innovation and New Technology},
number = {2},
pages = {147--164},
title = {{Losing the lead: The patenting decision in the light of the disclosure requirement}},
volume = {19},
year = {2010}
}

@article{Mose2011,
author = {Mose, Malte},
number = {105},
title = {{Big patents , small secrets : how firms protect inventions when R {\&} D outcome is heterogeneous}},
year = {2011}
}

@article{Hall2014,
author = {Hall, Bronwyn and Helmers, Christian and Rogers, Mark and Sena, Vania},
journal = {Journal of Economic Literature},
number = {2},
pages = {375--423},
title = {{The Choice between Formal and Informal Intellectual Property: A Review}},
volume = {52},
year = {2014}
}


@article{KS86,
  title={Technology adoption in the presence of network externalities},
  author={Katz, Michael L and Shapiro, Carl},
  journal={Journal of political economy},
  volume={94},
  number={4},
  pages={822--841},
  year={1986},
  publisher={The University of Chicago Press}
}

@article{N05,
  title={Cascade effects in heterogeneous populations},
  author={Neill, Daniel B},
  journal={Rationality and Society},
  volume={17},
  number={2},
  pages={191--241},
  year={2005},
  publisher={Sage Publications Sage CA: Thousand Oaks, CA}
}

@article{PW06b,
  title={Why the music industry may gain from free downloading—the role of sampling},
  author={Peitz, Martin and Waelbroeck, Patrick},
  journal={International Journal of Industrial Organization},
  volume={24},
  number={5},
  pages={907--913},
  year={2006},
  publisher={Elsevier}
}

@article{PW06,
  title={Piracy of digital products: A critical review of the theoretical literature},
  author={Peitz, Martin and Waelbroeck, Patrick},
  journal={Information Economics and Policy},
  volume={18},
  number={4},
  pages={449--476},
  year={2006},
  publisher={Elsevier}
}

@article{CRP91,
  title={Software piracy: An analysis of protection strategies},
  author={Reavis Conner, Kathleen and Rumelt, Richard P},
  journal={Management Science},
  volume={37},
  number={2},
  pages={125--139},
  year={1991},
  publisher={INFORMS}
}

@article{MRSS17,
  title={Software Piracy in the Presence of Open Source Alternatives},
  author={Fernando S. Machado, T.S Raghu, Preethika Sainam, Rajiv Sinha},
  journal={Journal of the Association for Information Systems},
  volume={18},
  number={1},
  pages={1--21},
  year={2017},
}

@article{J08,
  title={Digital Piracy: A Competitive Analysis},
  author={Jain, S.},
  journal={Marketing Science},
  volume={27},
  number={4},
  pages={610--626},
  year={2008},
}

@article{S04,
  title={Managing Digital Piracy: Pricing and Protection},
  author={Sunderajan, A.},
  journal={Information Systems Research},
  volume={15},
  number={3},
  pages={287--308},
  year={2004},
}

@article{ST99,
  title={A Strategic Approach to Software Protection},
  author={Shy, Oz., Thisse, J.},
  journal={Management Science},
  volume={15},
  number={3},
  pages={287--308},
  year={2004},
}

@article{CG06,
  title={Dynamic Mixed Duopoly},
  author={Casadesus-Masanell, R., Ghemawat, P.},
  journal={Management Science},
  volume={52},
  number={7},
  pages={1072--1084},
  year={2004},
}

@article{O15,
  title={Digital Music and Physical Sales Now At Equal Strength},
  author={Bobby Owsinski},
  journal={Forbes},
  year={2015},
}

@article{B03,
  title={Music Industry: Piracy is choking sales},
  author={Bobby Owsinski},
  journal={Forbes},
  year={2015},
}

@article{BSA09,
  title={SIXTH Annual BSA-IDC Global Software},
  journal={Business Software Alliance},
  year={2009},
  URL={http://www.bsa.org/},
}

@article{BSA12,
  title={SHADOW MARKET bsa global software piracy study},
  journal={Business Software Alliance},
  year={2012},
  URL={http://www.bsa.org/},
}

@article{C05,
  title={Managing Piracy: Pricng and sampling strategies for digital experienced goods in vertically segmented markets},
  author={Chellappa, R.,.K & Shivendu, S.},
  journal={Information Systems research},
  volume={16},
  number={4},
  pages={400-417},
  year={2005},
}

@article{G03,
  title={Internet and peer to peer distributions in markets for digital products},
  author={Gayer,A., & Shy,O},
  journal={Economics letters},
  volume={81},
  pages={197-203},
  year={2003},
}

@article{GMM95,
  title={Software piracy: Estimation of lost sales and impact on software distribution},
  author={Givon, M.,Mahajan, V &Muller, E},
  journal={Journal of Marketing},
  volume={59},
  pages={159-184},
  year={1995},
}

@article{GL03,
  title={Competing with piracy: A multichannel sequential search approach},
  author={Geng, X., & Lee, Y.J},
  journal={Journal of Management informaton systems},
  volume={30},
  pages={159-184},
  year={2013},
}

@article{WD52,
  title={Some theoretical aspects of road traffic research, Proceedings},
  author={Wardrop, J.G.},
  journal={Proceedings
of the Institute of Civil Engineers},
  volume={Part II},
  pages={325-378},
  year={1952},
}

@article{moser, 
 title={Innovation Without Patents - Evidence from the World Fairs}, 
 journal={SSRN Electronic Journal}, 
 author={Moser, Petra}
}

@article{acemoglu_2001,
 title={Directed Technical Change}, 
 author={Acemoglu, Daron}, 
 year={2001}
}

@article{aghion_howitt_1992, 
title={A Model of Growth Through Creative Destruction}, 
volume={60}, 
number={2}, 
journal={Econometrica}, 
author={Aghion, Philippe and Howitt, Peter}, 
year={1992}, 
pages={323}
}

@article{aghion_akcigit_howitt_2013, 
 title={What Do We Learn From Schumpeterian Growth Theory?}, 
 author={Aghion, Philippe and Akcigit, Ufuk and Howitt, Peter}, 
 year={2013}
 }

@article{arrow, 
title={Economic Welfare and the Allocation of Resources for Invention},  
journal={The Rate and Direction of Inventive Activity}, 
author={Arrow, Kenneth J.}
}

@article{bessen_maskin, 
title={Sequential Innovation, Patents, And Imitation}, 
journal={SSRN Electronic Journal}, 
author={Bessen, James E. and Maskin, Eric S.}
}

@article{brooks_1994, 
title={The relationship between science and technology}, 
volume={23}, 
number={5}, 
journal={Research Policy}, 
author={Brooks, Harvey}, 
year={1994}, 
pages={477–486}
}

@article{brunt_lerner_nicholas, 
title={Inducement Prizes and Innovation}, 
journal={SSRN Electronic Journal}, 
author={Brunt, Liam and Lerner, Josh and Nicholas, Tom}
}

@article{goettler_gordon_2011, 
title={Does AMD Spur Intel to Innovate More?}, 
volume={119}, 
number={6}, journal={Journal of Political Economy}, 
author={Goettler, Ronald L. and Gordon, Brett R.}, 
year={2011}, 
pages={1141–1200}
}

@article{green_scotchmer_1995, 
title={On the Division of Profit in Sequential Innovation}, 
volume={26}, 
number={1}, journal={The RAND Journal of Economics}, 
author={Green, Jerry R. and Scotchmer, Suzanne}, 
year={1995}, 
pages={20}
}

@article{grossman_helpman_1991, 
title={Quality Ladders and Product Cycles}, 
volume={106}, 
number={2}, 
journal={The Quarterly Journal of Economics}, 
author={Grossman, Gene M. and Helpman, Elhanan}, 
year={1991}, 
pages={557}
}

@article{hall_ziedonis, 
title={Patent Paradox Revisited: Determinants of Patenting in the US Semiconductor Industry, 1980-94}, 
journal={SSRN Electronic Journal}, 
author={Hall, Bronwyn H. and Ziedonis, Rosemarie Ham}
}

@article{henry_ponce_2011, 
title={Waiting to Imitate: On the Dynamic Pricing of Knowledge}, 
volume={119}, 
number={5}, journal={Journal of Political Economy}, 
author={Henry, Emeric and Ponce, Carlos J.}, 
year={2011}, 
pages={959–981}
}

@article{jones_2008, 
title={The Knowledge Trap: Human Capital and Development Reconsidered}, 
author={Jones, Benjamin}, 
year={2008}
}

@article{jones_1999, 
title={Growth: With or Without Scale Effects?}, 
volume={89}, 
number={2}, journal={American Economic Review}, 
author={Jones, Charles I}, 
year={1999}, 
pages={139–144}
}

@article{katz_shapiro_1986, 
title={How to License Intangible Property}, 
volume={101}, 
number={3}, journal={The Quarterly Journal of Economics}, 
author={Katz, Michael L. and Shapiro, Carl}, 
year={1986}, 
pages={567}
}

@article{kortum_1994, 
title={A Model of Research, Patenting, and Technological Change}, 
author={Kortum, Samuel}, 
year={1994}
}

@article{kremer_1998, 
title={Patent Buyouts: A Mechanism for Encouraging Innovation}, 
volume={113},  
number={4}, journal={The Quarterly Journal of Economics}, 
author={Kremer, M.}, 
year={1998}, month={Jan}, 
pages={1137–1167}
}

@article{lee_wilde_1980, 
title={Market Structure and Innovation: A Reformulation}, 
volume={94}, 
number={2},
journal={The Quarterly Journal of Economics}, 
author={Lee, Tom and Wilde, Louis L.}, 
year={1980}, 
pages={429}
}

@article{lemley_shapiro, 
title={Probabilistic Patents},  
journal={SSRN Electronic Journal}, 
author={Lemley, Mark A. and Shapiro, Carl},
year = {2005}
}

@article{lemley, 
title={The Surprising Virtues of Treating Trade Secrets as IP Rights}, 
journal={The Law and Theory of Trade Secrecy}, 
author={Lemley, Mark A.},
year = {2008}
}

@article{lerner_1997, 
title={An Empirical Exploration of a Technology Race}, 
volume={28}, 
number={2}, 
journal={The RAND Journal of Economics}, 
author={Lerner, Josh}, 
year={1997}, 
pages={228}
}

@article{llobet_hopenhayn_mitchell, 
title={Rewarding Sequential Innovators: Prizes, Patents and Buyouts}, 
journal={SSRN Electronic Journal}, 
author={Llobet, Gerard and Hopenhayn, Hugo A. and Mitchell, Matthew F.},
year={2006} 
}

@article{loury_1979, 
title={Market Structure and Innovation}, 
volume={93}, 
number={3}, 
journal={The Quarterly Journal of Economics}, 
author={Loury, Glenn C.}, 
year={1979}, 
pages={395}
}

@article{mowery_rosenberg, 
title={The influence of market demand upon innovation: a critical review of some recent empirical studies}, 
journal={Inside the black box}, 
author={Mowery, David C. and Rosenberg, Nathan}, 
pages={193–242},
year={1979}
}

@article{nelson, 
title={The Link Between Science and Invention: The Case of the Transistor}, 
journal={The Rate and Direction of Inventive Activity}, 
author={Nelson, Richard R.},
year={1962}
}

@article{nelson_1959, 
 title={The Simple Economics of Basic Scientific Research}, 
 volume={67}, 
 number={3}, 
 journal={Journal of Political Economy}, 
 author={Nelson, Richard R.}, 
 year={1959}, 
 pages={297–306}
 }

@article{reinganum_1982,
 title={A Dynamic Game of R and D: Patent Protection and Competitive Behavior},
 volume={50},  
 number={3}, 
 journal={Econometrica},
 author={Reinganum, Jennifer F.}, 
 year={1982}, 
 pages={671}
 }

@article{romer_1986, 
 title={Increasing Returns and Long-Run Growth}, 
 volume={94}, DOI={10.1086/261420}, number={5}, 
 journal={Journal of Political Economy}, 
 author={Romer, Paul M.}, 
 year={1986}, 
 pages={1002–1037}
 }

@article{romer_1990, 
 title={Endogenous Technological Change}, 
 volume={98},
 number={5, Part 2}, 
 journal={Journal of Political Economy}, 
 author={Romer, Paul M.}, 
 year={1990}
 }

@article{sampat_williams_2015, 
 title={How Do Patents Affect Follow-On Innovation? Evidence from the Human Genome}, 
 author={Sampat, Bhaven and Williams, Heidi}, 
 year={2015}
}

@article{schmookler_1962, title={Economic Sources of Inventive Activity}, 
 volume={22}, 
 DOI={10.1017/s0022050700102311},
 number={01}, 
 journal={The Journal of Economic History}, 
 author={Schmookler, Jacob}, 
 year={1962}, 
 pages={1–20}
}

@inbook{schumpeter_schumpeter_1942, 
 title={Chapter 7, Chapter 12}, 
 booktitle={Capitalism, socialism and democracy}, 
 publisher={Harper and Brothers}, 
 author={Schumpeter, Joseph Alois and Schumpeter, Joseph Alois}, 
 year={1942}
 }

@article{trajtenberg_1990, 
title={A Penny for Your Quotes: Patent Citations and the Value of Innovations},
 volume={21}, 
 number={1}, 
 journal={The RAND Journal of Economics}, 
 author={Trajtenberg, Manuel}, 
 year={1990}, 
 pages={172}
 }

@article{williams_2010, 
title={Intellectual Property Rights and Innovation: Evidence from the Human Genome}, 
author={Williams, Heidi}, 
year={2010}
}


@article{anton1994expropriation,
  title={Expropriation and inventions: Appropriable rents in the absence of property rights},
  author={Anton, James J and Yao, Dennis A},
  journal={The American Economic Review},
  pages={190--209},
  year={1994},
  publisher={JSTOR}
}
@article{nelson1966investment,
  title={Investment in humans, technological diffusion, and economic growth},
  author={Nelson, Richard R and Phelps, Edmund S},
  journal={The American economic review},
  volume={56},
  number={1/2},
  pages={69--75},
  year={1966},
  publisher={JSTOR}
}

@article{wardrop_whitehead_1952, 
title={CORRESPONDENCE. SOME THEORETICAL ASPECTS OF ROAD TRAFFIC RESEARCH.}, 
volume={1},DOI={10.1680/ipeds.1952.11362}, 
number={5},
journal={Proceedings of the Institution of Civil Engineers},
author={WARDROP, J G and WHITEHEAD, J I},
year={1952},
pages={767-768}
}

@article{Scotchmer1990,
author = {Scotchmer, Suzanne and Green, Jerry},
journal = {Source: The RAND Journal of Economics Journal of Economics},
number = {1},
pages = {131--146},
title = {{Novelty and Disclosure in Patent Law}},
volume = {21},
year = {1990}
}

@misc{Green1995,
author = {Green, Jerry R. and Scotchmer, Suzanne},
journal = {The RAND Journal of Economics},
number = {1},
pages = {20--33},
title = {{On the Division of Profit in Sequentail Innovation}},
volume = {16},
year = {1995}
}

@article{ODonoghue1998,
author = {O'Donoghue, Ted},
journal = {RAND journal of economics},
number = {4},
pages = {658--673},
title = {{A Patentability Requirement for Sequential Innovation}},
volume = {31},
year = {1998}
}

@article{Scotchmer1999,
author = {Scotchmer, Suzanne},
journal = {RAND journal of economics},
number = {2},
pages = {181--196},
title = {{On the Optimality of the Patent Renewal System}},
volume = {30},
year = {1999}
}

@article{Cornelli1999,
author = {Cornelli, Francesca and Schankerman, Mark},
journal = {RAND journal of economics},
number = {2},
pages = {197--213},
title = {{Patent Renewals and R{\&}D Incentives}},
volume = {30},
year = {1999}
}

@article{Gallini2002,
author = {Gallini, Nancy and Scotchmer, Suzanne},
journal = {NBER/Innovation Policy and the Economy},
number = {1},
pages = {51--77},
title = {{Intellectual Property: When Is It the Best Incentive System?}},
volume = {2},
year = {2002}
}

@article{Hopenhayn2006,
author = {Hopenhayn, H and Llobet, G and Mitchell, M},
journal = {J. Pol. Econ.},
number = {6},
pages = {1041--1068},
title = {{Rewarding sequential innovators: Prizes, patents, and buyouts}},
volume = {114},
year = {2006}
}

@article{Chou2007,
author = {Chou, Teyu and Haller, Hans},
journal = {Review of Law and Economics},
number = {2},
pages = {Article 14},
title = {{The Division of profit in sequential innovation for probabilistic patents}},
volume = {3},
year = {2007}
}

@article{Bessen2009,
author = {Bessen, James and Maskin, Eric},
journal = {RAND Journal of Economics},
number = {4},
pages = {611--635},
title = {{Sequential innovation, patents, and imitation}},
volume = {40},
year = {2009}
}
