@article{Elhauge2008,
author = {Elhauge, Einer and Lemleyt, Mark A and Shapiro, Carl},
journal = {Journal of Competition Law and Economics},
number = {3},
pages = {535--570},
title = {{Do patent holdup and royalty stacking lead to systematically excessive royalties?}},
volume = {4},
year = {2008}
}

@article{Armstrong2014,
author = {Armstrong, Ann and Mueller, Joseph and Syrett, Tim},
journal = {Ssrn},
number = {September 2010},
pages = {1--69},
title = {{The Smartphone Royalty Stack: Surveying Royalty Demands for the Components Within Modern Smartphones}},
volume = {116},
year = {2014}
}

@article{Katz1986,
author = {Katz, Michael L and Shapiro, Carl},
journal = {Quarterly Journal of Economics},
number = {3},
pages = {567--589},
title = {{How to license intangible property}},
volume = {101},
year = {1986}
}

