@misc{meder2019ergodicity,
author = {Meder, David and Rabe, Finn and Morville, Tobias and Madsen, Kristoffer H. and Koudahl, Magnus T. and Dolan, Ray J. and Siebner, Hartwig R. and Hulme, Oliver J.},
title = {Ergodicity-Breaking Reveals Time Optimal Economic Behavior in Humans},
archivePrefix={arXiv},
url={arxiv.org/abs/1906.04652},
year={2019}
}

@unpublished{epper2018time,
  title={Time Discounting and Wealth Inequality},
  author={Epper, Thomas and Fehr, Ernst and Fehr-Duda, Helga and Kreiner, Claus T. and Lassen, David D. and Leth-Petersen, S{\o}ren and Rasmussen, Gregers N.},
  year={2018}
}


@INCOLLECTION{Radner1998,
    author = {Radner, Roy},
    editor = {Jacobs, Donald P. and Kalai, Ehud and Kamien, Morton I.},
    title = {Economic Survival},
    booktitle = {Frontiers of Research in Economic Theory: The Nancy L. Schwartz Memorial Lectures: 1983--1997},
    publisher = {Cambridge University Press},
    pages = {183--209},
    year = {1998}
}

@article{tversky1969intransitivity,
  title={Intransitivity of Preferences},
  author={Tversky, Amos},
  journal={Psychological Review},
  volume={76},
  number={1},
  pages={31--48},
  year={1969},
  publisher={American Psychological Association}
}

@unpublished{berman2016far,
  title={An Empirical Test of the Ergodic Hypothesis: Wealth Distributions in the United States},
  author={Berman, Yonatan and Peters, Ole and Adamou, Alexander},
  Url = {http://ssrn.com/abstract=2794830},
  note = {Available at SSRN},
  year={2017}
}

@misc{peters2018time,
  title={The Time Interpretation of Expected Utility Theory},
  author={Peters, Ole and Adamou, Alexander},
  archivePrefix={arXiv},
  eprint={q-fin/1801.03680},
  year={2018}
}

@article{peters2016evaluating,
  title={Evaluating Gambles Using Dynamics},
  author={Peters, Ole and Gell-Mann, Murray},
  journal={Chaos: An Interdisciplinary Journal of Nonlinear Science},
  volume={26},
  number={2},
  pages={023103},
  year={2016},
  publisher={AIP Publishing}
}

@article{lindman1971inconsistent,
  title={Inconsistent Preferences among Gambles},
  author={Lindman, Harold R.},
  journal={Journal of Experimental Psychology},
  volume={89},
  number={2},
  pages={390--397},
  year={1971},
  publisher={American Psychological Association}
}

@article{loomes1983rationale,
  title={A Rationale for Preference Reversal},
  author={Loomes, Graham and Sugden, Robert},
  journal={American Economic Review},
  volume={73},
  number={3},
  pages={428--432},
  year={1983},
  publisher={JSTOR}
}

@book{ainslie1992picoeconomics,
  title={Picoeconomics: The Strategic Interaction of Successive Motivational States within the Person},
  author={Ainslie, George},
  year={1992},
  publisher={Cambridge University Press}
}

@article{lichtenstein1971reversals,
  title={Reversals of Preference Between Bids and Choices in Gambling Decisions},
  author={Lichtenstein, Sarah and Slovic, Paul},
  journal={Journal of Experimental Psychology},
  volume={89},
  number={1},
  pages={46},
  year={1971},
  publisher={American Psychological Association}
}

@article{thaler2016behavioral,
  title={Behavioral Economics: Past, Present, and Future},
  author={Thaler, Richard H.},
  journal={American Economic Review},
  volume={106},
  number={7},
  pages={1577--1600},
  year={2016}
}

@article{smith2003constructivist,
  title={Constructivist and Ecological Rationality in Economics},
  author={Smith, Vernon L.},
  journal={American Economic Review},
  volume={93},
  number={3},
  pages={465--508},
  year={2003}
}

@article{sozou1998hyperbolic,
  title={On Hyperbolic Discounting and Uncertain Hazard Rates},
  author={Sozou, Peter D.},
  journal={Proceedings of the Royal Society of London B: Biological Sciences},
  volume={265},
  pages={2015--2020},
  year={1998},
  publisher={The Royal Society}
}

@article{grether1979economic,
  title={Economic Theory of Choice and the Preference Reversal Phenomenon},
  author={Grether, David M. and Plott, Charles R.},
  journal={American Economic Review},
  volume={69},
  number={4},
  pages={623--638},
  year={1979},
  publisher={JSTOR}
}

@article{tversky1990causes,
  title={The Causes of Preference Reversal},
  author={Tversky, Amos and Slovic, Paul and Kahneman, Daniel},
  journal={American Economic Review},
  volume={80},
  number={1},
  pages={204--217},
  year={1990},
  publisher={JSTOR}
}

@article{starmer2000developments,
  title={Developments in Non-expected Utility Theory: The Hunt for a Descriptive Theory of Choice Under Risk},
  author={Starmer, Chris},
  journal={Journal of Economic Literature},
  volume={38},
  number={2},
  pages={332--382},
  year={2000}
}

@article{laibson1997golden,
  title={Golden Eggs and Hyperbolic Discounting},
  author={Laibson, David},
  journal={Quarterly Journal of Economics},
  volume={112},
  number={2},
  pages={443--478},
  year={1997},
  publisher={MIT Press}
}

@article{rubinstein2003economics,
  title={``Economics and psychology''? The Case of Hyperbolic Discounting},
  author={Rubinstein, Ariel},
  journal={International Economic Review},
  volume={44},
  number={4},
  pages={1207--1216},
  year={2003},
  publisher={Wiley Online Library}
}


@article{dasgupta2005uncertainty,
  title={Uncertainty and Hyperbolic Discounting},
  author={Dasgupta, Partha and Maskin, Eric},
  journal={American Economic Review},
  volume={95},
  number={4},
  pages={1290--1299},
  year={2005}
}